@article{FrecIntro,
    author = "L. Chen",
    title = “Frequency-dependent dielectric constant prediction of polymers using machine learning”,
    journal = "npj Comput Mater 6",
    year = "2020",
    note = "Notas opcionales"
}